@misc{site1,
author = {Wikipédia},
title = {Définition des colloïdes}}
howpublished = "\url{https://fr.wikipedia.org/wiki/Collo%C3%AFde}"
}

@misc{site2,
author = {AquaPortail},
title = {Solution colloïdale}}
howpublished = "\url{https://www.aquaportail.com/definition-3262-solution-colloidale.html}"
}

@article{olympiades,
title={34e édition des Olympiades de la Physique},
author={Stephan Lampert, Cynthia Talon},
journal = {Olympiades de Physique},
year={2015}
}

@misc{site3,
author = {Georges Simmonds},
title = {Ferrofluides : une piste prometteuse pour convertir la chaleur perdue en électricité}}
howpublished = "\url{https://www.rtflash.fr/ferrofluides-piste-prometteuse-pour-convertir-chaleur-perdue-en-electricite/article}"
}

@misc{site4,
author = {Université de Technologie de Compiègne},
title = {Formule du champ magnétique d'une nappe de courant}}
howpublished = "\url{https://ics.utc.fr/Electricite/Electricite_formats_web/Electromagnetisme_web_webLatex/co/exercice_06.html}"
}

@misc{site5,
author = {Femto-Physique},
title = {Formule du champ magnétique d'un fil de courant infini et d'une spire de courant}}
howpublished = "\url{https://femto-physique.fr/electromagnetisme/biot-et-savart.php}"
}

@misc{site6,
author = {George McGuire},
title = {Charged Particle Motion Near a Magnetic Dipole}}
howpublished = "\url{https://www.compadre.org/osp/pwa/motionneardipole/}"
}

@misc{site7,
author = {Wikipédia},
title = {Perméabilité magnétique des matériaux}}
howpublished = "\url{https://fr.wikipedia.org/wiki/Perméabilité_magnétique#Perméabilité_magnétique_de_matériaux}"
}

@misc{site8,
author = {Wikipédia},
title = {Masse Volumique des matériaux}}
howpublished = "\url{https://fr.wikipedia.org/wiki/Masse_volumique#Masse_volumique_d'une_particule_matérielle}"
}

@phdthesis{thesis,
title={{\E}tude non linéaire de l'instabilité de Rayleigh-Taylor par lévitation magnétique : du contrôle des conditions initiales au développement de nouveaux outils d’analyse},
author={Marie-Charlotte Renoult},
journal = {Laboratoire Fluides, Automatique et Systèmes Thermiques (FAST)},
year={2012},
school={Campus Universitaire d’Orsay}
}

@article{hydrodynamique,
title={Notes de Cours d'Hydrodynamique},
author = {Marc Rabaud},
journal = {Licence 3 du Magistère, Formation Interuniversitaire de Physique},
year={2013},
school={Univeristé Paris Sud}
}

@article{euler,
title={Analyse numérique et équations différentielles ordinaires},
author = {Fabien Vergnet},
year = {2021},
school = {Polytech Sorbonne}
}

@article{newton,
title={Systèmes non linéaires et Optimisation},
author = {Fabien Vergnet},
year = {2021},
school = {Polytech Sorbonne}
}
